@article{hsu2003equilibrium,
  title={Equilibrium or Simple Rule at Wimbledon? An Empirical Study},
  author={Hsu, Shih-Hsun and Huang, Chen-Ying and Tang, Cheng-Tao},
  year={2003},
  publisher={National Taiwan University}
}
@article{walker2001minimax,
  title={Minimax play at Wimbledon},
  author={Walker, Mark and Wooders, John},
  journal={American Economic Review},
  pages={1521--1538},
  year={2001},
  publisher={American Economic Association}
}
@article{hsu2007minimax,
  title={Minimax play at Wimbledon: comment},
  author={Hsu, Shih-Hsun and Huang, Chen-Ying and Tang, Cheng-Tao},
  journal={The American Economic Review},
  pages={517--523},
  year={2007},
  publisher={American Economic Association}
}
@article{chiappori2002testing,
  title={Testing mixed-strategy equilibria when players are heterogeneous: the case of penalty kicks in soccer},
  author={Chiappori, P-A and Levitt, Steven and Groseclose, Timothy},
  journal={American Economic Review},
  pages={1138--1151},
  year={2002},
  publisher={JSTOR}
}
@article{berger2007brown,
  title={Brown's original fictitious play},
  author={Berger, Ulrich},
  journal={Journal of Economic Theory},
  volume={135},
  number={1},
  pages={572--578},
  year={2007},
  publisher={Elsevier}
}